@inproceedings{liu2015regularized,
  title={A Regularized Linear Dynamical System Framework for Multivariate Time Series Analysis},
  author={Liu, Zitao and Hauskrecht, Milos},
  booktitle={AAAI},
  year={2015}
}