@inproceedings{liu2015regularized,
  title={A Regularized Linear Dynamical System Framework for Multivariate Time Series Analysis},
  author={Liu, Zitao and Hauskrecht, Milos},
  booktitle={The 29th AAAI Conference on Artificial Intelligence},
  pages={1798--1804},
  year={2015}
}
